@misc{corpoNero,
  author =       "Simone Zuccher",
  title =        "Un approccio alla radiazione di corpo nero",
  year =         "2015",
  url =          "http://profs.sci.univr.it/~zuccher/downloads/corpo-nero-EZ.pdf"
}

@book{bluMate,
    author    = "Massimo Bergamini and Anna Trifone and Graziella Barozzi",
    title     = "Matematica.blu 2.0 5",
    year      = "2017",
    publisher = "Zanichelli",
}
 
@book{fisica2,
    author    = "D Halliday and R Resnick and K S Krane",
    title     = "Fisica 2",
    year      = "2004",
    publisher = "Casa Ed. Ambrosiana",
}

@book{bluFisica,
    author    = "Ugo Amaldi",
    title     = "L'Amaldi per i licei scientifici.blu",
    year      = "2016",
    publisher = "Zanichelli",
}


